<?xml version="1.0" encoding="UTF-8"?><collection xmlns="http://www.loc.gov/MARC21/slim"><record><leader>00338nam--2200133-i-4500</leader><controlfield tag="001">000016876</controlfield><controlfield tag="002">20161230</controlfield><controlfield tag="005">20161230201032</controlfield><controlfield tag="008">060222s1000------------r-----000-0-eng-d</controlfield><datafield ind1=" " ind2=" " tag="080"><subfield code="a">548.5(043)</subfield></datafield><datafield ind1=" " ind2=" " tag="100"><subfield code="a">Grundmann, Marius</subfield></datafield><datafield ind1=" " ind2=" " tag="245"><subfield code="a">Heteroepit xie von inp auf si(00l).dissert</subfield></datafield><datafield ind1=" " ind2=" " tag="260"><subfield code="a">Berlin,Universitat, 1991. 181p</subfield></datafield><datafield ind1=" " ind2=" " tag="852"><subfield code="a">79851</subfield></datafield></record></collection>